@article{cals2013effective,
  title={Effective writing and publishing scientific papers, part III: introduction},
  author={Cals, Jochen WL and Kotz, Daniel},
  journal={Journal of clinical epidemiology},
  volume={66},
  number={7},
  pages={702},
  year={2013},
  publisher={Elsevier}
}

@book{heard2016scientist,
  title={The scientist's guide to writing},
  author={Heard, Stephen B},
  year={2016},
  publisher={Princeton University Press}
}

@article{bahadoran2018principles,
  title={The principles of biomedical scientific writing: Introduction},
  author={Bahadoran, Zahra and Jeddi, Sajad and Mirmiran, Parvin and Ghasemi, Asghar},
  journal={International journal of endocrinology and metabolism},
  volume={16},
  number={4},
  year={2018},
  publisher={Kowsar Medical Institute}
}

@article{thabane2009posing,
  title={Posing the research question: not so simple},
  author={Thabane, Lehana and Thomas, Tara and Ye, Chenglin and Paul, James},
  journal={Canadian Journal of Anesthesia/Journal canadien d'anesth{\'e}sie},
  volume={56},
  number={1},
  pages={71--79},
  year={2009},
  publisher={Springer}
}

@article{nisingizwe2020perceived,
  title={Are perceived barriers to accessing health care associated with inadequate antenatal care visits among women of reproductive age in Rwanda?},
  author={Nisingizwe, Marie Paul and Tuyisenge, Germaine and Hategeka, Celestin and Karim, Mohammad Ehsanul},
  journal={BMC pregnancy and childbirth},
  volume={20},
  number={1},
  pages={1--10},
  year={2020},
  publisher={Springer}
}

@article{basham2019multimorbidity,
  title={Multimorbidity prevalence in Canada: a comparison of Northern Territories with Provinces, 2013/14},
  author={Basham, C Andrew and Karim, Mohammad Ehsanul},
  journal={International journal of circumpolar health},
  volume={78},
  number={1},
  pages={1607703},
  year={2019},
  publisher={Taylor \& Francis}
}

@article{annesley2010and,
  title={Who, what, when, where, how, and why: the ingredients in the recipe for a successful Methods section},
  author={Annesley, Thomas M},
  journal={Clinical chemistry},
  volume={56},
  number={6},
  pages={897--901},
  year={2010},
  publisher={Oxford University Press}
}

@article{kotz2013effective3,
  title={Effective writing and publishing scientific papers, part IV: methods},
  author={Kotz, Daniel and Cals, Jochen WL},
  journal={Journal of clinical epidemiology},
  volume={66},
  number={8},
  pages={817},
  year={2013},
  publisher={Elsevier}
}

@article{von2007strengthening,
  title={The Strengthening the Reporting of Observational Studies in Epidemiology (STROBE) statement: guidelines for reporting observational studies},
  author={Von Elm, Erik and Altman, Douglas G and Egger, Matthias and Pocock, Stuart J and G{\o}tzsche, Peter C and Vandenbroucke, Jan P},
  journal={Bulletin of the World Health Organization},
  volume={85},
  pages={867--872},
  year={2007},
  publisher={SciELO Public Health}
}

@article{nikiforuk2021influence,
  title={Influence of chronic hepatitis C infection on the monocyte-to-platelet ratio: data analysis from the National Health and Nutrition Examination Survey (2009--2016)},
  author={Nikiforuk, Aidan M and Karim, Mohammad Ehsanul and Patrick, David M and Jassem, Agatha N},
  journal={BMC public health},
  volume={21},
  number={1},
  pages={1--11},
  year={2021},
  publisher={BioMed Central}
}

@article{nethery2019household,
  title={Household income and contraceptive methods among female youth: a cross-sectional study using the Canadian Community Health Survey (2009--2010 and 2013--2014)},
  author={Nethery, Elizabeth and Schummers, Laura and Maginley, K Suzanne and Dunn, Sheila and Norman, Wendy V},
  journal={CMAJ open},
  volume={7},
  number={4},
  pages={E646},
  year={2019},
  publisher={Canadian Medical Association}
}

@article{rothman2008validity,
  title={Validity in epidemiologic studies},
  author={Rothman, Kenneth J},
  journal={Modern epidemiology},
  pages={128--147},
  year={2008},
  publisher={Lippincott Williams \& Wilkins}
}

@article{kotz2013effective4,
  title={Effective writing and publishing scientific papers, part VII: tables and figures},
  author={Kotz, Daniel and Cals, Jochen WL},
  journal={Journal of Clinical Epidemiology},
  volume={66},
  number={11},
  pages={1197},
  year={2013},
  publisher={Elsevier}
}

@misc{aje2021instructions,
  title={Instructions to Authors},
  author={{American Journal of Epidemiology Editorial Office}},
  year={2021},
  url={https://academic.oup.com/aje/pages/Instructions_To_Authors}
}

@misc{nejm2021author,
  title={NEJM — Author Center - New Manuscripts},
  author={{NEJM Editorial Board}},
  year={2021},
  url={https://www.nejm.org/author-center/new-manuscripts}
}

@inbook{chang,
  edition={2},
  title={Using a Colorblind-Friendly Palette},
  booktitle={R Graphics Cookbook: Practical Recipes for Visualizing Data},
  publisher={O’Reilly Media Inc},
  author={Chang, W},
  editor={Cronin, M},
  pages={272--275},
  year={2018},
  url={http://www.cookbook-r.com/Graphs/Colors_(ggplot2)/#a-colorblind-friendly-palette}
}

@article{franzblau2012graphs,
  title={Graphs, tables, and figures in scientific publications: the good, the bad, and how not to be the latter},
  author={Franzblau, Lauren E and Chung, Kevin C},
  journal={The Journal of hand surgery},
  volume={37},
  number={3},
  pages={591--596},
  year={2012},
  publisher={Elsevier}
}

@article{westreich2013table,
  title={The table 2 fallacy: presenting and interpreting confounder and modifier coefficients},
  author={Westreich, Daniel and Greenland, Sander},
  journal={American journal of epidemiology},
  volume={177},
  number={4},
  pages={292--298},
  year={2013},
  publisher={Oxford University Press}
}

@article{kotz2013effective5,
  title={Effective writing and publishing scientific papers, part V: results},
  author={Kotz, Daniel and Cals, Jochen WL},
  journal={Journal of clinical epidemiology},
  volume={66},
  number={9},
  pages={945},
  year={2013},
  publisher={Elsevier}
}

@article{lederer2019control,
  title={Control of confounding and reporting of results in causal inference studies. Guidance for authors from editors of respiratory, sleep, and critical care journals},
  author={Lederer, David J and Bell, Scott C and Branson, Richard D and Chalmers, James D and Marshall, Rachel and Maslove, David M and Ost, David E and Punjabi, Naresh M and Schatz, Michael and Smyth, Alan R and others},
  journal={Annals of the American Thoracic Society},
  volume={16},
  number={1},
  pages={22--28},
  year={2019},
  publisher={American Thoracic Society}
}

@article{cals2013effective5,
  title={Effective writing and publishing scientific papers, part VI: discussion},
  author={Cals, Jochen WL and Kotz, Daniel},
  journal={Journal of clinical epidemiology},
  volume={66},
  number={10},
  pages={1064},
  year={2013},
  publisher={Elsevier Limited}
}

@misc{nature2021portfolio,
  title={How to write your paper},
  author={{Nature Portfolio}},
  year={2021},
  url={https://www.nature.com/nature-portfolio/for-authors/write}
}

@misc{thebmj2021authors,
  title={Guidance for new authors: Tips for wiritng},
  author={{The BMJ}},
  year={2021},
  url={https://www.bmj.com/about-bmj/resources-authors/article-submission/guidance-newly-qualified-doctors-get-published}
}

@article{strobe2021abstract,
  title={Draft STROBE checklist for abstracts},
  author={{STROBE Group}},
  journal={The EQUATOR Network},
  year={2021},
  url={https://www.equator-network.org/reporting-guidelines/strobe-abstracts}
}

@article{callaway2016publisher,
  title={Publisher pulls 58 articles by Iranian scientists over authorship manipulation},
  author={Callaway, Ewen},
  journal={Nature news},
  year={2016}
}

@misc{international2019icmje,
  title={ICMJE Recommendations: Defining the role of authors and contributors},
  author={International Committee of Medical Journal Editors and others},
  year={2019}
}

@article{de2021perceived,
  title={Perceived helpfulness of treatment for specific phobia: Findings from the World Mental Health Surveys},
  author={de Vries, Ymkje Anna and Harris, Meredith G and Vigo, Daniel and Chiu, Wai Tat and Sampson, Nancy A and Al-Hamzawi, Ali and Alonso, Jordi and Andrade, Laura H and Benjet, Corina and Bruffaerts, Ronny and others},
  journal={Journal of affective disorders},
  volume={288},
  pages={199--209},
  year={2021},
  publisher={Elsevier}
}

@article{zhou2021effect,
  title={Effect of SGLT2 inhibitors on stroke and atrial fibrillation in diabetic kidney disease: results from the CREDENCE trial and meta-analysis},
  author={Zhou, Zien and Jardine, Meg J and Li, Qiang and Neuen, Brendon L and Cannon, Christopher P and de Zeeuw, Dick and Edwards, Robert and Levin, Adeera and Mahaffey, Kenneth W and Perkovic, Vlado and others},
  journal={Stroke},
  volume={52},
  number={5},
  pages={1545--1556},
  year={2021},
  publisher={Am Heart Assoc}
}

@article{cals2013effective8,
  title={Effective writing and publishing scientific papers, part IX: authorship},
  author={Cals, Jochen WL and Kotz, Daniel},
  journal={Journal of clinical epidemiology},
  volume={66},
  number={12},
  pages={1319},
  year={2013},
  publisher={Elsevier}
}

@article{rennie2003editorial,
  title={Editorial peer review: its development and rationale},
  author={Rennie, Drummond},
  journal={Peer review in health sciences},
  volume={2},
  number={1},
  pages={1--13},
  year={2003},
  publisher={BMJ Books London}
}

@article{moher2003peer,
  title={How to peer review a manuscript},
  author={Moher, David and Jadad, Alejandro R},
  journal={Peer review in the health sciences. London: BMJ Books},
  volume={183190},
  year={2003}
}

@article{altman2008equator,
  title={The EQUATOR Network: Enhancing the quality and transparency of health research through the use of reporting guidelines},
  author={Altman, Douglas and Simera, Iveta and Hoey, John and Moher, David and Schulz, Ken},
  journal={Open Medicine},
  volume={2},
  number={2},
  pages={49--50},
  year={2008}
}

@article{schulz2010consort,
  title={CONSORT 2010 statement: updated guidelines for reporting parallel group randomized trials},
  author={Schulz, Kenneth F and Altman, Douglas G and Moher, David},
  journal={Annals of internal medicine},
  volume={152},
  number={11},
  pages={726--732},
  year={2010},
  publisher={American College of Physicians}
}

@article{page2021prisma,
  title={The PRISMA 2020 statement: an updated guideline for reporting systematic reviews},
  author={Page, Matthew J and McKenzie, Joanne E and Bossuyt, Patrick M and Boutron, Isabelle and Hoffmann, Tammy C and Mulrow, Cynthia D and Shamseer, Larissa and Tetzlaff, Jennifer M and Akl, Elie A and Brennan, Sue E and others},
  journal={Bmj},
  volume={372},
  year={2021},
  publisher={British Medical Journal Publishing Group}
}

@misc{theBMJ2021resources,
  title={Resources for reviewers},
  author={{The BMJ}},
  year={2021},
  url={https://www.bmj.com/about-bmj/resources-reviewers}
}

@misc{noble2017ten,
  title={Ten simple rules for writing a response to reviewers},
  author={Noble, William Stafford},
  journal={PLoS computational biology},
  volume={13},
  number={10},
  pages={e1005730},
  year={2017},
  publisher={Public Library of Science San Francisco, CA USA}
}

@misc{plos2021peerfeedback,
  title={How to Receive and Respond to Peer Review Feedback},
  author={PLOS},
  year={2021},
  url={https://plos.org/resource/how-to-receive-and-respond-to-peer-review-feedback}
}

@article{kotz2014effective10,
  title={Effective writing and publishing scientific papers, part XII: responding to reviewers},
  author={Kotz, Daniel and Cals, Jochen WL},
  journal={Journal of clinical epidemiology},
  volume={67},
  number={3},
  pages={243},
  year={2014},
  publisher={Elsevier}
}

@article{fandino2019formulating,
  title={Formulating a good research question: Pearls and pitfalls},
  author={Fandino, Wilson},
  journal={Indian journal of anaesthesia},
  volume={63},
  number={8},
  pages={611},
  year={2019},
  publisher={Wolters Kluwer--Medknow Publications}
}

@article{thabane2009posing,
  title={Posing the research question: not so simple},
  author={Thabane, Lehana and Thomas, Tara and Ye, Chenglin and Paul, James},
  journal={Canadian Journal of Anesthesia/Journal canadien d'anesth{\'e}sie},
  volume={56},
  number={1},
  pages={71--79},
  year={2009},
  publisher={Springer}
}

@article{rios2010association,
  title={Association between framing of the research question using the PICOT format and reporting quality of randomized controlled trials},
  author={Rios, Lorena P and Ye, Chenglin and Thabane, Lehana},
  journal={BMC Medical Research Methodology},
  volume={10},
  number={1},
  pages={1--8},
  year={2010},
  publisher={BioMed Central}
}

@book{creswell2017research,
  title={Research design: Qualitative, quantitative, and mixed methods approaches},
  author={Creswell, John W and Creswell, J David},
  year={2017},
  publisher={Sage publications}
}

@article{vandenbroucke2018ideas,
  title={From ideas to studies: how to get ideas and sharpen them into research questions},
  author={Vandenbroucke, Jan P and Pearce, Neil},
  journal={Clinical epidemiology},
  volume={10},
  pages={253},
  year={2018},
  publisher={Dove Press}
}

@article{mayo2013research,
  title={When is a research question not a research question?},
  author={Mayo, Nancy E and Asano, Miho and Pamela Barbic, Skye},
  journal={Journal of rehabilitation medicine},
  volume={45},
  number={6},
  pages={513--518},
  year={2013},
  publisher={Medical Journals Limited}
}

@article{zarin2016trial,
  title={Trial reporting in ClinicalTrials. gov—the final rule},
  author={Zarin, Deborah A and Tse, Tony and Williams, Rebecca J and Carr, Sarah},
  journal={New England Journal of Medicine},
  volume={375},
  number={20},
  pages={1998--2004},
  year={2016},
  publisher={Mass Medical Soc}
}

@article{yuan2019guide,
  title={Guide to the statistical analysis plan},
  author={Yuan, Ian and Topjian, Alexis A and Kurth, Charles D and Kirschen, Matthew P and Ward, Christopher G and Zhang, Bingqing and Mensinger, Janell L},
  journal={Pediatric Anesthesia},
  volume={29},
  number={3},
  pages={237--242},
  year={2019},
  publisher={Wiley Online Library}
}

@article{kahan2020public,
  title={Public availability and adherence to prespecified statistical analysis approaches was low in published randomized trials},
  author={Kahan, Brennan C and Ahmad, Tahania and Forbes, Gordon and Cro, Suzie},
  journal={Journal of Clinical Epidemiology},
  volume={128},
  pages={29--34},
  year={2020},
  publisher={Elsevier}
}

@article{thor2020registering,
  title={Registering Study Analysis Plans (SAPs) Before Dissecting Your Data—Updating and Standardizing Outcome Modeling},
  author={Thor, Maria and Oh, Jung Hun and Apte, Aditya P and Deasy, Joseph O},
  journal={Frontiers in oncology},
  volume={10},
  pages={978},
  year={2020},
  publisher={Frontiers}
}

@article{ehrenstein2017clinical,
  title={Clinical epidemiology in the era of big data: new opportunities, familiar challenges},
  author={Ehrenstein, Vera and Nielsen, Henrik and Pedersen, Alma B and Johnsen, S{\o}ren P and Pedersen, Lars},
  journal={Clinical epidemiology},
  volume={9},
  pages={245},
  year={2017},
  publisher={Dove Press}
}

@article{cafri2018mitigating,
  title={Mitigating reporting bias in observational studies using covariate balancing methods},
  author={Cafri, Guy and Paxton, Elizabeth W},
  journal={Observational Studies},
  volume={4},
  number={1},
  pages={292--296},
  year={2018},
  publisher={University of Pennsylvania Press}
}

@article{thomas2012value,
  title={The value of statistical analysis plans in observational research: defining high-quality research from the start},
  author={Thomas, Laine and Peterson, Eric D},
  journal={Jama},
  volume={308},
  number={8},
  pages={773--774},
  year={2012},
  publisher={American Medical Association}
}

@article{williams2010registration,
  title={Registration of observational studies: is it time?},
  author={Williams, Rebecca J and Tse, Tony and Harlan, William R and Zarin, Deborah A},
  journal={Cmaj},
  volume={182},
  number={15},
  pages={1638--1642},
  year={2010},
  publisher={Can Med Assoc}
}

@article{trinh2013statistical,
  title={Statistical analysis plans in observational research},
  author={Trinh, Quoc-Dien and Sun, Maxine},
  journal={JAMA},
  volume={309},
  number={1},
  pages={32--32},
  year={2013},
  publisher={American Medical Association}
}

@article{hiemstra2019debate,
  title={DEBATE-statistical analysis plans for observational studies},
  author={Hiemstra, Bart and Keus, Frederik and Wetterslev, J{\o}rn and Gluud, Christian and van der Horst, Iwan CC},
  journal={BMC medical research methodology},
  volume={19},
  number={1},
  pages={1--10},
  year={2019},
  publisher={Springer}
}

@misc{dars2021,
  title={DARS: how to make an application},
  author={{NHS Digital}},
  year={2021},
  url={https://digital.nhs.uk/services/data-access-request-service-dars/dars-guidance/dars-how-to-make-an-application}
}

@misc{popdata2021,
  title={The PopData/HDP Data Access Request (DAR) process},
  author={{Population Data BC}},
  year={2021},
  url={https://www.popdata.bc.ca/data_access/DAR_process}
}

@article{gamble2017guidelines,
  title={Guidelines for the content of statistical analysis plans in clinical trials},
  author={Gamble, Carrol and Krishan, Ashma and Stocken, Deborah and Lewis, Steff and Juszczak, Edmund and Dor{\'e}, Caroline and Williamson, Paula R and Altman, Douglas G and Montgomery, Alan and Lim, Pilar and others},
  journal={Jama},
  volume={318},
  number={23},
  pages={2337--2343},
  year={2017},
  publisher={American Medical Association}
}
